<?xml version="1.0" encoding="UTF-8"?><collection xmlns="http://www.loc.gov/MARC21/slim"><record><leader>00398nam--2200133-i-4500</leader><controlfield tag="001">000021787</controlfield><controlfield tag="002">20161230</controlfield><controlfield tag="005">20161230201034</controlfield><controlfield tag="008">060222s1000------------r-----000-0-eng-d</controlfield><datafield ind1=" " ind2=" " tag="245"><subfield code="a">Handbook of electronic measurements</subfield></datafield><datafield ind1=" " ind2=" " tag="260"><subfield code="a">New York, Polytechnic Press, 1958. Xi + P. Dif</subfield></datafield><datafield ind1=" " ind2=" " tag="490"><subfield code="a">Polytechnic Inst.Of Brooklin, Microwave Research Institute Publication</subfield></datafield><datafield ind1=" " ind2=" " tag="700"><subfield code="a">Moe Wind</subfield></datafield><datafield ind1=" " ind2=" " tag="852"><subfield code="a">15646</subfield></datafield></record></collection>